@InProceedings{PATHspider2016,
  author = {Learmonth, Iain R. and Trammell, Brian and K\"uhlewind, Mirja and Fairhurst, Gorry},
  title = {{PATHspider: A tool for active measurement of path transparency}},
  booktitle = {Proceedings of the 2016 Applied Networking Research Workshop},
  year = 2016,
  month = {July},
  pages = {62--64},
  www_section =  trans # and # measure,
  www_pdf_url = "https://mami-project.eu/wp-content/uploads/2015/10/anrw16-final13.pdf",
  www_tags={selected},
}

@inproceedings{fling,
  title={How to say that you're special: Can we use bits in the IPv4 header?},
  author={Runa Barik and Michael Welzl and Ahmed Elmokashfi},
  booktitle = {Proceedings of the 2016 Applied Networking Research Workshop},
  year = 2016,
  month = {July},
}

@InProceedings{Anderson2014,
  Title                    = {Global Network Interference Detection over the RIPE Atlas Network},
  Author                   = {Anderson, Collin and Winter, Philipp and Roya},
  Booktitle                = {Proceedings of the 4th USENIX Workshop on Free and Open Communications on the Internet (FOCI 14)},
  Year                     = {2014},
  www_section = trans # and # measure,
  www_pdf_url = "https://www.usenix.org/system/files/conference/foci14/foci14-anderson.pdf",
  www_important = {1},
  www_tags = selected,
}

@misc{Trammell2016,
  Title                    = {Is it possible to run the Internet over UDP?},
  Author                   = {Brian Trammell and Mirja K\"uhlewind and Emile Aben},
  Howpublished                = {Measurement and Analysis of Protocols Research Group at IETF 95},
  Address                  = {Buenos Aires, Argentina},
  Year                     = {2016},
  www_section = trans # and # measure,
  www_pdf_url = "https://www.ietf.org/proceedings/95/slides/slides-95-maprg-3.pdf",
}

@InProceedings{Filasto2012,
  Title                    = {OONI: Open Observatory of Network Interference},
  Author                   = {Filasto, Arturo and Appelbaum, Jacob},
  Booktitle                = {Proceedings of the 2nd USENIX Workshop on Free and Open Communications on the Internet (FOCI '12)},
  Year                     = {2012},
  www_section = trans # and # measure,
  www_pdf_url = "https://www.usenix.org/system/files/conference/foci12/foci12-final12.pdf",
  www_tags={selected},
}

@mastersthesis{Gubser2015,
  Title                    = {{Explicit Congestion Negotiation (ECN) support based on P2P networks}},
  Author                   = {Gubser, Elio},
  School = {ETH Zurich},
  Year = 2015,
  www_section = trans # and # measure,
  www_pdf_url = "ftp://ftp.tik.ee.ethz.ch/pub/students/2015-FS/SA-2015-05.pdf",
}

@InProceedings{PAM2013,
  Title                    = {{On the state of ECN and TCP options on the Internet}},
  Author                   = {K{\"u}hlewind, Mirja and Neuner, Sebastian and Trammell, Brian},
  Booktitle                = {Proceedings of the Passive and Active Measurement Conference},
  Year                     = {2013},
  Address                  = {Hong Kong, China},
  Pages                    = {135--144},
  www_section = trans # and # measure,
  www_pdf_url = "http://www.ikr.uni-stuttgart.de/Content/Publications/Archive/Kue_PAM13_40160.pdf",
 www_tags = selected,
}

@InProceedings{Kreibich2010,
  Title                    = {{Netalyzr: Illuminating The Edge Network}},
  Author                   = {C. Kreibich and N. Weaver and B. Nechaev and V. Paxson},
  Booktitle                = {Proceedings of the Internet Measurement Conference (IMC)},
  Year                     = {2010},
  www_section = trans # and # measure,
  www_pdf_url = "http://www.icsi.berkeley.edu/pubs/networking/netalyzrilluminating10.pdf",
}

@InProceedings{PAM2015,
  Title                    = {Enabling Internet-Wide Deployment of Explicit Congestion Notification},
  Author                   = {Trammell, Brian and K{\"u}hlewind, Mirja and Boppart, Damiano and Learmonth, Iain and Fairhurst, Gorry and Scheffenegger, Richard},
  Booktitle                = {Proceedings of the Passive and Active Measurement Conference},
  Year                     = {2015},
  Address                  = {New York, USA},
  Pages                    = {193--205},
  www_section = trans # and # measure,
  www_pdf_url = "http://wan.poly.edu/pam2015/papers/4.pdf",
  www_tags = selected,
  www_important = {1},
}

@inproceedings{Honda,
 author = {Honda, Michio and Nishida, Yoshifumi and Raiciu, Costin and Greenhalgh, Adam and Handley, Mark and Tokuda, Hideyuki},
 title = {{Is It Still Possible to Extend TCP?}},
 booktitle = {Proceedings of the 2011 ACM SIGCOMM Conference on Internet Measurement Conference},
 series = {IMC '11},
 year = {2011},
 isbn = {978-1-4503-1013-0},
 location = {Berlin, Germany},
 pages = {181--194},
 numpages = {14},
 doi = {10.1145/2068816.2068834},
 acmid = {2068834},
 publisher = {ACM},
 address = {New York, NY, USA},
 keywords = {TCP, measurements, middleboxes, protocol design},
 www_section = trans # and # measure,
 www_abstract_url = {http://doi.acm.org/10.1145/2068816.2068834},
 www_pdf_url = "http://conferences.sigcomm.org/imc/2011/docs/p181.pdf",
 www_important = {1},
 www_tags = selected,
} 

@inproceedings{Weaver2014,
 author = {Weaver, Nicholas and Kreibich, Christian and Dam, Martin and Paxson, Vern},
 title = {Here Be Web Proxies},
 booktitle = {Proceedings of the 15th International Conference on Passive and Active Measurement - Volume 8362},
 series = {PAM 2014},
 year = {2014},
 isbn = {978-3-319-04917-5},
 location = {Los Angeles, CA, USA},
 pages = {183--192},
 numpages = {10},
 doi = {10.1007/978-3-319-04918-2_18},
 acmid = {2722288},
 publisher = {Springer-Verlag New York, Inc},
 address = {New York, NY, USA},
 www_section = trans # and # measure,
 www_abstract_url = {http://dx.doi.org/10.1007/978-3-319-04918-2_18},
 www_pdf_url = "http://www.icir.org/vern/papers/netalyzr-proxies.pam14.pdf",
 www_tags = selected,
} 

@article{Craven2014,
 author = {Craven, Ryan and Beverly, Robert and Allman, Mark},
 title = {A Middlebox-cooperative TCP for a Non End-to-end Internet},
 journal = {SIGCOMM Computer Communcations Review},
 issue_date = {October 2014},
 volume = {44},
 number = {4},
 month = aug,
 year = {2014},
 issn = {0146-4833},
 pages = {151--162},
 numpages = {12},
 doi = {10.1145/2740070.2626321},
 acmid = {2626321},
 publisher = {ACM},
 address = {New York, NY, USA},
 keywords = {TCP, header integrity, header modifications, middlebox},
 www_section = trans # and # coop,
 www_abstract_url = {http://doi.acm.org/10.1145/2740070.2626321},
 www_pdf_url = "https://www.icsi.berkeley.edu/pubs/networking/middleboxcooperative14.pdf",
 www_important = {1},
 www_tags = selected,
} 

@inproceedings{Mandalari2015,
 author = "Anna Maria Mandalari and Marcelo Bagnulo and Andra Lutu",
 title = "Informing Protocol Design Through Crowdsourcing: the Case of Pervasive Encryption",
 booktitle = "Proceedings of the ACM {SIGCOMM} {Workshop} on {Crowdsourcing} and {Crowdsharing} of {Big} ({Internet}) {Data} ({C}2B(I){D})",
 month = aug,
 year = 2015,
 www_section = trans # and # measure,
 www_abstract_url = "http://www.it.uc3m.es/amandala/c2bid.html",
 www_pdf_url = "http://www.it.uc3m.es/amandala/c2bid-2015.pdf",
}

@inproceedings{Bauer2011,
 author = {Bauer, Steven and Beverly, Robert and Berger, Arthur},
 title = {Measuring the State of ECN Readiness in Servers, Clients,and Routers},
 booktitle = {Proceedings of the 2011 ACM SIGCOMM Conference on Internet Measurement Conference},
 series = {IMC '11},
 year = {2011},
 isbn = {978-1-4503-1013-0},
 location = {Berlin, Germany},
 pages = {171--180},
 numpages = {10},
 doi = {10.1145/2068816.2068833},
 acmid = {2068833},
 publisher = {ACM},
 address = {New York, NY, USA},
 keywords = {ecn, explicit congestion notification, router-assisted congestion control},
 www_section = trans # and # measure,
 www_abstract_url = "http://doi.acm.org/10.1145/2068816.2068833",
 www_pdf_url = "https://www.akamai.com/us/en/multimedia/documents/technical-publication/measuring-the-state-of-ecn-readiness-in-servers-clients-and-routers-technical-publication.pdf",
}

@ARTICLE{Medina05,
    author = {Alberto Medina},
    title = {Measuring the Evolution of Transport Protocols in the Internet},
    journal = {SIGCOMM Computer Communications Review},
    year = {2005},
    volume = {35},
    pages = {37--52},
    www_section = trans # and # measure,
    www_abstract_url = "http://citeseer.ist.psu.edu/viewdoc/summary?doi=10.1.1.75.6508",
    www_pdf_url = "http://www.icsi.berkeley.edu/pubs/networking/TCPevolution.pdf",
    www_tags = selected,
}

@inproceedings{Trammell2014,
author="Trammell, Brian and Gugelmann, David and Brownlee, Nevil",
editor="Dainotti, Alberto and Mahanti, Anirban and Uhlig, Steve",
title="Inline Data Integrity Signals for Passive Measurement",
bookTitle="Proceedings of the Traffic Monitoring and Analysis: 6th International Workshop, TMA 2014",
year="2014",
publisher="Springer Berlin Heidelberg",
address="London, UK",
pages="15--25",
isbn="978-3-642-54999-1",
doi="10.1007/978-3-642-54999-1_2",
www_section = trans # and # measure,
www_abstract_url = "http://dx.doi.org/10.1007/978-3-642-54999-1_2",
www_pdf_url = "http://download.springer.com/static/pdf/190/chp%253A10.1007%252F978-3-642-54999-1_2.pdf?originUrl=http%3A%2F%2Flink.springer.com%2Fchapter%2F10.1007%2F978-3-642-54999-1_2&token2=exp=1480938122~acl=%2Fstatic%2Fpdf%2F190%2Fchp%25253A10.1007%25252F978-3-642-54999-1_2.pdf%3ForiginUrl%3Dhttp%253A%252F%252Flink.springer.com%252Fchapter%252F10.1007%252F978-3-642-54999-1_2*~hmac=cada220fc959a4143809f3a3f9cb272594a07144a5b3b0b8949b9d9c64dc21f8"
}

@article{Saltzer1984,
 author = {Saltzer, J. H. and Reed, D. P. and Clark, D. D.},
 title = {End-to-end Arguments in System Design},
 journal = {ACM Transactions on Computer Systems},
 issue_date = {Nov. 1984},
 volume = {2},
 number = {4},
 month = nov,
 year = {1984},
 issn = {0734-2071},
 pages = {277--288},
 numpages = {12},
 doi = {10.1145/357401.357402},
 acmid = {357402},
 publisher = {ACM},
 address = {New York, NY, USA},
 keywords = {data communication, design principles, protocol design},
 www_section = trans,
 www_abstract_url = {http://doi.acm.org/10.1145/357401.357402},
 www_pdf_url = "http://www.cs.siue.edu/~tgamage/S15/CS447/R/p277-saltzer.pdf",
 www_tags = selected,
 www_important = {1},
} 

@article{Paxson1997,
 author = {Paxson, Vern},
 title = {End-to-end Internet Packet Dynamics},
 journal = {SIGCOMM Computer Communications Review},
 issue_date = {Oct. 1997},
 volume = {27},
 number = {4},
 month = oct,
 year = {1997},
 issn = {0146-4833},
 pages = {139--152},
 numpages = {14},
 doi = {10.1145/263109.263155},
 acmid = {263155},
 publisher = {ACM},
 address = {New York, NY, USA},
 www_section = perf # and # measure,
 www_abstract_url = {http://doi.acm.org/10.1145/263109.263155},
 www_pdf_url = "https://cseweb.ucsd.edu/classes/wi01/cse222/papers/paxson-e2e-packets-sigcomm97.pdf",
 www_tags = selected,
} 

@inproceedings{Allman2001,
 author = {Allman, Mark and Paxson, Vern},
 title = {On Estimating End-to-end Network Path Properties},
 booktitle = {Proceedings of the Workshop on Data Communication in Latin America and the Caribbean},
 series = {SIGCOMM LA '01},
 year = {2001},
 isbn = {1-58113-354-5},
 location = {San Jose, Costa Rica},
 pages = {124--151},
 numpages = {28},
 doi = {10.1145/371626.371774},
 acmid = {371774},
 publisher = {ACM},
 address = {New York, NY, USA},
 www_section = perf # and # measure,
 www_abstract_url = {http://doi.acm.org/10.1145/371626.371774},
 www_pdf_url = "http://aciri.org/mallman/papers/estimation-la.pdf",
 www_tags = selected,
}

@inproceedings{Le2015,
 author = {Le, Franck and Nahum, Erich and Pappas, Vasilis and Touma, Maroun and Verma, Dinesh},
 title = {Experiences Deploying a Transparent Split TCP Middlebox and the Implications for NFV},
 booktitle = {Proceedings of the 2015 ACM SIGCOMM Workshop on Hot Topics in Middleboxes and Network Function Virtualization},
 series = {HotMiddlebox '15},
 year = {2015},
 isbn = {978-1-4503-3540-9},
 location = {London, United Kingdom},
 pages = {31--36},
 numpages = {6},
 doi = {10.1145/2785989.2785991},
 acmid = {2785991},
 publisher = {ACM},
 address = {New York, NY, USA},
 keywords = {NFV, deployment, middlebox, split-TCP},
 www_section = trans,
 www_abstract_url = {http://doi.acm.org/10.1145/2785989.2785991},
 www_pdf_url = "http://conferences.sigcomm.org/sigcomm/2015/pdf/papers/hotmiddlebox/p31.pdf",
}

@misc{rfc3303,
	series =	{Request for Comments},
	number =	3303,
	howpublished =	{RFC 3303},
	publisher =	{RFC Editor},
	doi =		{10.17487/rfc3303},
	url =		{https://rfc-editor.org/rfc/rfc3303.txt},
	author =	{Jiri Kuthan and Jonathan Rosenberg and Andrew Molitor and Pyda Srisuresh and Abdallah Rayhan},
	title =		{{Middlebox communication architecture and framework}},
	pagetotal =	34,
	year =		2002,
	month =		aug,
	www_section = coop,
	www_abstract_url = "https://datatracker.ietf.org/doc/rfc3303/",
	www_html_url = "https://tools.ietf.org/html/rfc3303",
	www_pdf_url = "https://www.rfc-editor.org/rfc/pdfrfc/rfc3303.txt.pdf",
	www_txt_url = "https://www.rfc-editor.org/rfc/rfc3303.txt",
	www_tags = selected,
	www_important = {1},
}

@inproceedings{Hesmans2013,
 author = {Hesmans, Benjamin and Duchene, Fabien and Paasch, Christoph and Detal, Gregory and Bonaventure, Olivier},
 title = {Are TCP Extensions Middlebox-proof?},
 booktitle = {Proceedings of the 2013 Workshop on Hot Topics in Middleboxes and Network Function Virtualization},
 series = {HotMiddlebox '13},
 year = {2013},
 isbn = {978-1-4503-2574-5},
 location = {Santa Barbara, California, USA},
 pages = {37--42},
 numpages = {6},
 doi = {10.1145/2535828.2535830},
 acmid = {2535830},
 publisher = {ACM},
 address = {New York, NY, USA},
 keywords = {middlebox, multipath tcp, protocol, tcp},
 www_section = trans,
 www_abstract_url = {http://doi.acm.org/10.1145/2535828.2535830},
 www_pdf_url = "http://conferences.sigcomm.org/co-next/2013/workshops/HotMiddlebox/program/p37.pdf",
} 

@inproceedings{Neuhaus2016,
 author = {Neuhaus, Stephan and Mu\&\#776;ntener, Roman and Edeline, Korian and Donnet, Benoit and Gubser, Elio},
 title = {Towards an Observatory for Network Transparency Research},
 booktitle = {Proceedings of the 2016 Applied Networking Research Workshop},
 series = {ANRW '16},
 year = {2016},
 isbn = {978-1-4503-4443-2},
 location = {Berlin, Germany},
 pages = {71--73},
 numpages = {3},
 doi = {10.1145/2959424.2959425},
 acmid = {2959425},
 publisher = {ACM},
 address = {New York, NY, USA},
 keywords = {Network measurement, public observatory, middleboxes, tracebox},
 www_section = trans # and # measure,
 www_abstract_url = {http://doi.acm.org/10.1145/2959424.2959425},
 www_pdf_url = "https://irtf.org/anrw/2016/anrw16-final2.pdf",
 www_tags = selected,
}

@inproceedings{Trammell15,
	title = {A new transport encapsulation for middlebox cooperation},
	year = {2015},
	author = {{Brian Trammell} and {Mirja K\"uhlewind} and {Elio Gubser} and {Joe Hildebrand}},
	publisher = {IEEE},
	booktitle = {Proceedings of the IEEE Conference on Standards for Communications and Networking},
	address = "Tokyo, Japan",
	month = {October},
	www_section = coop,
	www_abstract_url = "http://ieeexplore.ieee.org/document/7390442/",
	www_pdf_url = "http://www.tik.ee.ethz.ch/file/84f1fc268860f31a4ed7e0345231b855/spud.pdf",
	www_tags = selected,
}

@article{Trammell14,
author = {Brian Trammell and Joe Hildebrand},
title = {Evolving Transport in the Internet},
journal = {IEEE Internet Computing},
month = {September},
year = {2014},
www_section = coop,
www_abstract_url = "https://www.computer.org/csdl/mags/ic/2014/05/mic2014050060-abs.html",
www_pdf_url = "https://www.computer.org/csdl/mags/ic/2014/05/mic2014050060.pdf",
www_tags = selected,
www_important = {1},
 }

@inproceedings{tracebox,
 author = {Detal, Gregory and Hesmans, Benjamin and Bonaventure, Olivier and Vanaubel, Yves and Donnet, Benoit},
 title = {Revealing Middlebox Interference with Tracebox},
 booktitle = {Proceedings of the 2013 Conference on Internet Measurement Conference},
 series = {IMC '13},
 year = {2013},
 isbn = {978-1-4503-1953-9},
 location = {Barcelona, Spain},
 pages = {1--8},
 numpages = {8},
 url = {http://doi.acm.org/10.1145/2504730.2504757},
 doi = {10.1145/2504730.2504757},
 acmid = {2504757},
 publisher = {ACM},
 address = {New York, NY, USA},
 keywords = {middleboxes, network discovery, tracebox},
}

@inproceedings{bdrmap,
 author = {Luckie, Matthew and Dhamdhere, Amogh and Huffaker, Bradley and Clark, David and claffy, kc},
 title = {Bdrmap: Inference of Borders Between IP Networks},
 booktitle = {Proceedings of the 2016 Internet Measurement Conference},
 series = {IMC '16},
 year = {2016},
 isbn = {978-1-4503-4526-2},
 location = {Santa Monica, California, USA},
 pages = {381--396},
 numpages = {16},
 url = {http://doi.acm.org/10.1145/2987443.2987467},
 doi = {10.1145/2987443.2987467},
 acmid = {2987467},
 publisher = {ACM},
 address = {New York, NY, USA},
 keywords = {internet topology, router ownership},
} 

@inproceedings{tor-design,
  title = {{Tor}: The Second-Generation Onion Router}, 
  author = {Roger Dingledine and Nick Mathewson and Paul Syverson}, 
  booktitle = {Proceedings of the 13th USENIX Security Symposium}, 
  year = {2004}, 
  month = {August}, 
  www_important = {1}, 
  www_tags = {selected}, 
  www_html_url = {https://svn.torproject.org/svn/projects/design-paper/tor-design.html}, 
  www_pdf_url = {https://svn.torproject.org/svn/projects/design-paper/tor-design.pdf}, 
  www_section = {Anonymous communication}, 
}

@inproceedings{CensorshipEthics,
 author = {Jones, Ben and Ensafi, Roya and Feamster, Nick and Paxson, Vern and Weaver, Nick},
 title = {Ethical Concerns for Censorship Measurement},
 booktitle = {Proceedings of the 2015 ACM SIGCOMM Workshop on Ethics in Networked Systems Research},
 series = {NS Ethics '15},
 year = {2015},
 isbn = {978-1-4503-3541-6},
 location = {London, United Kingdom},
 pages = {17--19},
 numpages = {3},
 url = {http://doi.acm.org/10.1145/2793013.2793015},
 doi = {10.1145/2793013.2793015},
 acmid = {2793015},
 publisher = {ACM},
 address = {New York, NY, USA},
}

@inproceedings{Wright2011a,
  author = {Joss Wright and Tulio Souza and Ian Brown},
  title = {Fine-Grained Censorship Mapping: Information Sources, Legality and Ethics},
  booktitle = {Free and Open Communications on the Internet},
  publisher = {USENIX},
  year = {2011},
  url = {https://www.usenix.org/legacy/events/foci11/tech/final_files/Wright.pdf},
}

@inproceedings{MeasurementBased,
  author       = {Papadimitriou, Dimitri and F{\`a}brega, Llu{\'i}s and Vil{\`a}, Pere and Careglio, Davide and Demeester, Piet},
  issn         = {0146-4833},
  keyword      = {Methodology,Experimental research,IBCN,Measurement,Tools},
  language     = {eng},
  number       = {5},
  pages        = {62--68},
  series       = {Computer Communication Review},
  title        = {Measurement-based research: methodology, experiments, and tools},
  volume       = {42},
  year         = {2012},
}


@inproceedings{UsableMTU2018,
author = "Ana Custura and Gorry Fairhurst and Iain Learmonth",
title = {{Exploring usable path MTU in the Internet}},
year = "2018",
month = "Jun",
booktitle = "Proceedings of the 2018 Network Traffic Measurement and Analysis Conference (TMA '18)",
publisher = "IEEE",
location = "Vienna, Austria"
}


